@inproceedings{qrat,
  title={A unified proof system for QBF preprocessing},
  author={Heule, Marijn JH and Seidl, Martina and Biere, Armin},
  booktitle={International Joint Conference on Automated Reasoning},
  pages={91--106},
  year={2014},
  organization={Springer}
}

@incollection{handbook,
  title={Quantified boolean formulas},
  author={Beyersdorff, Olaf and Janota, Mikol{\'a}{\v{s}} and Lonsing, Florian and Seidl, Martina},
  booktitle={Handbook of Satisfiability},
  pages={1177--1221},
  year={2021},
  publisher={IOS Press}
}

@inproceedings{tseitin,
  title={A relaxed tseitin transformation for weighted model counting},
  author={Meert, Wannes and Vlasselaer, Jonas and Van den Broeck, Guy},
  booktitle={Proceedings of the Sixth International Workshop on Statistical Relational AI (StarAI)},
  pages={1--7},
  year={2016}
}

@inproceedings{qcir-conv,
  title={Non-cnf QBF solving with QCIR},
  author={Jordan, Charles and Klieber, Will and Seidl, Martina},
  booktitle={Workshops at the Thirtieth AAAI Conference on Artificial Intelligence},
  year={2016}
}